@book{cormen,
    title = { Introduction to Algorithms },
    author = { Thomas Cormen },
    year =  2009 ,
    language = {brazil},
    edition = 3,
    chapter = {15 (15.1, 15.2 e 15.3), 16 (16.1 e 16.2), 35 (35.1, 35.2)},
    publisher = {{MIT} Press}
}
